<?xml version="1.0" encoding="UTF-8"?><collection xmlns="http://www.loc.gov/MARC21/slim"><record><leader>00475nam--2200181-i-4500</leader><controlfield tag="001">000027091</controlfield><controlfield tag="002">20161230</controlfield><controlfield tag="005">20161230201036</controlfield><controlfield tag="008">060222s1000------------r-----000-0-ger-d</controlfield><datafield ind1=" " ind2=" " tag="040"><subfield code="a">IFIN-HH</subfield></datafield><datafield ind1=" " ind2=" " tag="041"><subfield code="a">ger</subfield></datafield><datafield ind1="1" ind2=" " tag="100"><subfield code="a">Koch, Rudolf</subfield></datafield><datafield ind1="1" ind2="0" tag="245"><subfield code="a">Druckverlusst und warmeubergang bei verwirbelter stromung</subfield><subfield code="c">Rudolf Koch</subfield></datafield><datafield ind1=" " ind2=" " tag="260"><subfield code="a">Dusseldorf, Vdi-verlag, 1958,</subfield></datafield><datafield ind1=" " ind2=" " tag="300"><subfield code="a">44P</subfield></datafield><datafield ind1=" " ind2=" " tag="490"><subfield code="a">Vdi-forschungsheft</subfield></datafield><datafield ind1=" " ind2=" " tag="852"><subfield code="a">13995</subfield><subfield code="c">532</subfield></datafield><datafield ind1=" " ind2=" " tag="CAT"><subfield code="a">Sys</subfield><subfield code="c">20100713</subfield><subfield code="h">100241</subfield></datafield></record></collection>